@book {9783846209066,
    %:: Informationen zum Individuum
    author = {{Bundesamt für Sicherheit in der Informationstechnik}},
    
    %:: Informationen zur Organisation
    organization = {{Bundesamt für Sicherheit in der Informationstechnik}},
    publisher = {{Reguvis Fachmedien GmbH}},

    %:: Informationen zu dem Dokument
    title = {IT-Grundschutz Kompendium},
    date = {2023},
    isbn = {{978-3-8462-0906-6}},
    file = {/Users/marvin.kunzel/Library/CloudStorage/OneDrive-Personal/FOM/S7+/thesis/Literatur/BSI/IT_Grundschutz_Kompendium_Edition2023.pdf},
}

%:: BSI Standards

@misc { bsi-100-4,
    %:: Informationen zum Individuum
    author = {{Bundesamt für Sicherheit in der Informationstechnik}},

    %:: Informationen zur Organisation
    organization = {Bundesamt für Sicherheit in der Informationstechnik},

    %:: Informationen zu dem Dokument
    title = {BSI-Standard 100-4: Notfallmanagement},
    date = {2008},
    url = {https://www.bsi.bund.de/SharedDocs/Downloads/DE/BSI/Publikationen/ITGrundschutzstandards/BSI-Standard_1004.pdf?__blob=publicationFile&v=2}, 
    urldate  = {2025-04-27},
    file = {}
}

@misc { bsi-200-1,
    %:: Informationen zum Individuum
    author = {{Bundesamt für Sicherheit in der Informationstechnik}},

    %:: Informationen zur Organisation
    organization = {Bundesamt für Sicherheit in der Informationstechnik},

    %:: Informationen zu dem Dokument
    title = {BSI-Standard 200-1: Managementsysteme für Informationssicherheit (ISMS)},
    date = {2017},
    url = {https://www.bsi.bund.de/SharedDocs/Downloads/DE/BSI/Grundschutz/BSI_Standards/standard_200_1.pdf?__blob=publicationFile&v=2},
    urldate  = {2025-04-27},
    file = {}
}

@misc { bsi-200-2,
    %:: Informationen zum Individuum
    author = {{Bundesamt für Sicherheit in der Informationstechnik}},

    %:: Informationen zur Organisation
    organization = {Bundesamt für Sicherheit in der Informationstechnik},

    %:: Informationen zu dem Dokument
    title = {BSI-Standard 200-2: IT-Grundschutz-Methodik},
    date = {2017},
    url = {https://www.bsi.bund.de/SharedDocs/Downloads/DE/BSI/Grundschutz/BSI_Standards/standard_200_2.pdf?__blob=publicationFile&v=2}, 
    urldate  = {2025-04-27},
    file = {}
}

@misc { bsi-200-3,
    %:: Informationen zum Individuum
    author = {{Bundesamt für Sicherheit in der Informationstechnik}},

    %:: Informationen zur Organisation
    organization = {Bundesamt für Sicherheit in der Informationstechnik},

    %:: Informationen zu dem Dokument
    title = {BSI-Standard 200-3: Risikoanalyse auf der Basis von IT-Grundschutz},
    date = {2017},
    url = {https://www.bsi.bund.de/SharedDocs/Downloads/DE/BSI/Grundschutz/BSI_Standards/standard_200_3.pdf?__blob=publicationFile&v=2}, 
    urldate  = {2025-04-27},
    file = {}
}

@misc { bsi-200-4,
    %:: Informationen zum Individuum
    author = {{Bundesamt für Sicherheit in der Informationstechnik}},

    %:: Informationen zur Organisation
    organization = {Bundesamt für Sicherheit in der Informationstechnik},

    %:: Informationen zu dem Dokument
    title = {BSI-Standard 200-4: Business Continuity Management},
    date = {2017},
    url = {https://www.bsi.bund.de/DE/Themen/Unternehmen-und-Organisationen/Standards-und-Zertifizierung/IT-Grundschutz/BSI-Standards/BSI-Standard-200-4-Business-Continuity-Management/bsi-standard-200-4_Business_Continuity_Management_node.html}, 
    urldate  = {2025-04-27},
    file = {}
}

% ISO

@misc { iso27000-2018,
    %:: Informationen zur Organisation
    organization = {Internationale Organisation für Normun},

    %:: Informationen zu dem Dokument
    title = {ISO/IEC 27000:2018, Information technology — Security techniques — Information security management systems — Overview and vocabulary},
    date = {2018-02},
    shorthand = {ISO/IEC 27000:2018}
}

% Gesetze, Richtlinein, etc.

@misc { l124-36,
    %:: Informationen zum Individuum
    author = {{Europäische Komission}},

    %:: Informationen zur Organisation
    organization = {Amt für Veröffentlichungen der Europäischen Union},

    %:: Informationen zu dem Dokument
    title = {Empfehlung der Kommission vom 6. Mai 2003 betreffend die Definition der Kleinstunternehmen sowie der kleinen und mittleren Unternehmen (Text von Bedeutung für den EWR) (Bekannt gegeben unter Aktenzeichen K(2003) 1422)},
    date = {2003-05-06},
    howpublished = {Amtsblatt der Europäischen Union L124, pp. 36 – 41},
    url = {https://eur-lex.europa.eu/legal-content/DE/TXT/PDF/?uri=CELEX:32003H0361}, 
    urldate  = {2025-06-11},
    file = {}
}

@misc { EU2019-881,
    %:: Informationen zum Individuum
    author = {{Europäisches Parlament und Rat der Europäischen Union}},

    %:: Informationen zur Organisation
    organization = {Amt für Veröffentlichungen der Europäischen Union},

    %:: Informationen zu dem Dokument
    title = {Verordnung (EU) 2019/881 des Europäischen Parlaments und des Rates vom 17. April 2019 über die ENISA (Agentur der Europäischen Union für Cybersicherheit) und über die Zertifizierung der Cybersicherheit von Informations- und Kommunikationstechnik und zur Aufhebung der Verordnung (EU) Nr. 526/2013 (Rechtsakt zur Cybersicherheit) (Text von Bedeutung für den EWR)},
    date = {2019-07-06},
    shorthand  = {(EU) 2019/881},
    howpublished = {Amtsblatt der Europäischen Union L151 vom 7.6.2019, S. 15 – 69},
    url = {https://eur-lex.europa.eu/legal-content/DE/TXT/PDF/?uri=CELEX:32019R0881}, 
    urldate  = {2025-06-11},
    file = {}
}

@misc { EU910-2014,
    %:: Informationen zum Individuum
    author = {{Europäisches Parlament und Rat der Europäischen Union}},

    %:: Informationen zur Organisation
    organization = {Amt für Veröffentlichungen der Europäischen Union},

    %:: Informationen zu dem Dokument
    title = {Verordnung (EU) Nr. 910/2014 des Europäischen Parlaments und des Rates vom 23. Juli 2014 über elektronische Identifizierung und Vertrauensdienste für elektronische Transaktionen im Binnenmarkt und zur Aufhebung der Richtlinie 1999/93/EG},
    date = {2014-08-28},
    shorthand  = {(EU) 910/2014},
    howpublished = {Amtsblatt der Europäischen Union L257 vom 28.8.2014, S. 73 – 114},
    url = {https://eur-lex.europa.eu/legal-content/DE/TXT/PDF/?uri=CELEX:32014R0910}, 
    urldate  = {2025-07-03},
    file = {}
}

@misc { EU2002-21-EG,
    %:: Informationen zum Individuum
    author = {{Europäisches Parlament und Rat der Europäischen Union}},

    %:: Informationen zur Organisation
    organization = {Amt für Veröffentlichungen der Europäischen Union},

    %:: Informationen zu dem Dokument
    title = {Richtlinie 2002/21/EG des Europäischen Parlaments und des Rates vom 7. März 2002 über einen gemeinsamen Rechtsrahmen für elektronische Kommunikationsnetze und -dienste (Rahmenrichtlinie)},
    date = {2004-04-22},
    shorthand = {Richtlinie 2002/21/EG},
    howpublished = {Amtsblatt der Europäischen Union L108 vom 24.4.2002, S. 33 – 50},
    url = {https://eur-lex.europa.eu/legal-content/DE/TXT/PDF/?uri=CELEX:32002L0021}, 
    urldate  = {},
    file = {}
}

@misc { EU2016-1148,
    %:: Informationen zum Individuum
    author = {{Europäisches Parlament und Rat der Europäischen Union}},

    %:: Informationen zur Organisation
    organization = {Amt für Veröffentlichungen der Europäischen Union},

    %:: Informationen zu dem Dokument
    title = {Richtlinie (EU) 2016/1148 des Europäischen Parlaments und des Rates vom 6. Juli 2016 über Maßnahmen zur Gewährleistung eines hohen gemeinsamen Sicherheitsniveaus von Netz- und Informationssystemen in der Union},
    date = {2016-07-19},
    shorthand  = {(EU) 2016/1148},
    howpublished = {Amtsblatt der Europäischen Union L194 vom 19.07.2016, S. 1 – 30},
    url = {https://eur-lex.europa.eu/legal-content/DE/TXT/PDF/?uri=CELEX:32016L1148}, 
    urldate  = {},
    file = {}
}

@misc { EU2024-2690,
    %:: Informationen zum Individuum
    author = {{Europäisches Parlament und Rat der Europäischen Union}},

    %:: Informationen zur Organisation
    organization = {Amt für Veröffentlichungen der Europäischen Union},

    %:: Informationen zu dem Dokument
    title = {Durchführungsverordnung (EU) 2024/2690 der Kommission vom 17. Oktober 2024 mit Durchführungsbestimmungen zur Richtlinie (EU) 2022/2555 im Hinblick auf die technischen und methodischen Anforderungen der Risikomanagementmaßnahmen im Bereich der Cybersicherheit und die Präzisierung der Fälle, in denen ein Sicherheitsvorfall in Bezug auf DNS-Diensteanbieter, TLD-Namenregister, Anbieter von Cloud-Computing-Diensten, Anbieter von Rechenzentrumsdiensten, Betreiber von Inhaltszustellnetzen, Anbieter verwalteter Dienste, Anbieter verwalteter Sicherheitsdienste, Anbieter von Online-Marktplätzen, Online-Suchmaschinen und Plattformen für Dienste sozialer Netzwerke und Vertrauensdiensteanbieter als erheblich gilt},
    date = {2024-10-18},
    shorthand  = {(EU) 2024/2690},
    howpublished = {Amtsblatt der Europäischen Union Reihe L vom 18.10.2024},
    url = {https://eur-lex.europa.eu/eli/reg_impl/2024/2690/oj?uri=CELEX:32024R2690}, 
    urldate  = {},
    file = {}
}

@misc { VDG,
    %:: Informationen zur Organisation
    author = {{Bundesrepublik Deutschland}},

    %:: Informationen zu dem Dokument
    title = {Vertrauensdienstegesetz},
    date = {2017-07-18},
    shorthand  = {VDG},
    url = {https://www.gesetze-im-internet.de/vdg/VDG.pdf}, 
    urldate  = {},
    file = {}
}

@misc { TKG,
    %:: Informationen zur Organisation
    author = {{Bundesrepublik Deutschland}},

    %:: Informationen zu dem Dokument
    title = {Telekommunikationsgesetz},
    date = {2021-06-23},
    shorthand  = {TKG},
    url = {https://www.gesetze-im-internet.de/tkg_2021/TKG.pdf}, 
    urldate  = {},
    file = {}
}

@misc { NIS2UmsuCG,
    %:: Informationen zur Organisation
    author = {{Bundesministerium des Innern}},

    %:: Informationen zu dem Dokument
    title = {Entwurf eines Gesetzes zur Umsetzung der NIS-2-Richtlinie und zur Regelung wesentlicher Grundzüge des Informationssicherheitsmanagements in der Bundesverwaltung},
    date = {2025-06-23},
    shorthand  = {NIS2UmsuCG},
    url = {https://www.bmi.bund.de/SharedDocs/gesetzgebungsverfahren/DE/Downloads/referentenentwuerfe/CI1/NIS-2-RefE_2025.pdf?__blob=publicationFile&v=8}, 
    urldate  = {2025-07-06},
    file = {}
}

@misc { KRITIS-DachG,
    %:: Informationen zur Organisation
    author = {{Bundesregierung}},

    %:: Informationen zu dem Dokument
    title = {Entwurf eines Gesetzes zur Umsetzung der Richtlinie (EU) 2022/2557 und zur Stärkung der Resilienz kritischer Anlagen},
    date = {2024-11-06},
    shorthand  = {KRITIS-DachG},
    url = {https://www.bmi.bund.de/SharedDocs/gesetzgebungsverfahren/DE/Downloads/kabinettsfassung/KM4/regentwEntwurf%20eines%20Gesetzes%20zur%20Umsetzung%20der%20Richtlinie%20(EU)%202022/2557%20und%20zur%20St%C3%A4rkung%20der%20Resilienz%20kritischer%20Anlagen}, 
    urldate  = {2025-07-06},
    file = {}
}

% ....
@misc { MISSING,
    %:: Informationen zur Organisation
    author = {{MISSING}},

    %:: Informationen zu dem Dokument
    title = {MISSING},
    date = {1970-01-01}
}